@misc{wxWidgetsMainPage,
  title={wxWidgets},
  url={https://www.wxwidgets.org/MainPage},
  urlaccessdate = {25 de setembro de 2022.}
}

@misc{wxWidgetsTutorial,
  title={wxWidgets Tutorial},
  url={https://wiki.wxwidgets.org/Drawing_on_a_panel_with_a_DC},
  urlaccessdate = {25 de setembro de 2022.}
}

@techreport{ISOC++20,
  type = {Standard},
  key = {ISO/IEC 14882:2020},
  month = dez,
  year = {2020},
  title = {ISO/IEC 14882:2020 {Programming languages â€” C++}},
  edition = {6},
  institution = {International Organization for Standardization}
}

@misc{a_star_computerphile,
	title = {{A* (A Star) Search Algorithm - Computerphile}},
	month = {fev},
	year = {2017},
	author = {Mike Pound \and Sean Riley},
	url = {https://www.youtube.com/watch?v=ySN5Wnu88nE},
	language = {en},
  urlaccessdate = {05 de dezembro de 2022}
}

@misc{gate_a_star_algorithm,
	title = {A* {Algorithm} {\textbar} {A}* {Algorithm} {Example} in {AI} {\textbar} {Gate} {Vidyalay}},
	url = {https://www.gatevidyalay.com/a-algorithm-a-algorithm-example-in-ai/},
	abstract = {A* Algorithm in Artificial Intelligence is a popular path finding technique. A* Algorithm Working \& Pseudo Code. A* Algorithm Examples in AI. A* Algorithm on 8 Puzzle Problem is discussed.},
  author = {Akshay Singhal},
  publisher = {Gate Vidyalay},
  urlaccessdate = {05 de dezembro de 2022},
}